<record><leader>00000cas a22000007a 4500</leader><controlfield tag="001">19418291</controlfield><controlfield tag="008">890323d18901893paudn ne      0    0eng d</controlfield><datafield ind1=" " ind2=" " tag="010"><subfield code="a">sn 89077687 </subfield></datafield><datafield ind1=" " ind2=" " tag="040"><subfield code="a">NPH</subfield><subfield code="b">eng</subfield><subfield code="c">NPH</subfield><subfield code="d">OCLCQ</subfield></datafield><datafield ind1=" " ind2=" " tag="042"><subfield code="a">msc</subfield></datafield><datafield ind1="0" ind2="0" tag="245"><subfield code="a">Jeannette daily dispatch.</subfield></datafield><datafield ind1=" " ind2=" " tag="260"><subfield code="a">Jeannette, Pa. :</subfield><subfield code="b">Jno. H. Trescher,</subfield><subfield code="c">-1893.</subfield></datafield><datafield ind1=" " ind2=" " tag="300"><subfield code="a">v.</subfield></datafield><datafield ind1=" " ind2=" " tag="310"><subfield code="a">Daily (except Sun.)</subfield></datafield><datafield ind1="1" ind2=" " tag="362"><subfield code="a">Began in 1890.</subfield></datafield><datafield ind1="0" ind2=" " tag="362"><subfield code="a">-v. 5, no. [138] (Aug. 15, 1893).</subfield></datafield><datafield ind1=" " ind2=" " tag="580"><subfield code="a">Weekly ed: Jeannette dispatch.</subfield></datafield><datafield ind1=" " ind2=" " tag="588"><subfield code="a">Description based on: Vol. 1, no. 8 (Nov. 5, 1890).</subfield></datafield><datafield ind1=" " ind2=" " tag="752"><subfield code="a">United States</subfield><subfield code="b">Pennsylvania</subfield><subfield code="c">Westmoreland</subfield><subfield code="d">Jeannette.</subfield></datafield><datafield ind1="1" ind2=" " tag="775"><subfield code="t">Jeannette dispatch</subfield><subfield code="w">(DLC)sn 89077686</subfield></datafield></record>